@misc{sas,
  author  = {{SAS\text{\textregistered} Software Institute}},
  title   = {SAS},
  howpublished     = {https://www.sas.com/},
}

@misc{rano2017,
  author  = {Barba Escribá, Lourdes},
  title   = {{Regresión y ANOVA}},
  year    = {2017/18},
  note    = {Facultad de Ciencias: Departamento de Estadística}
}
